@article{alspach1972nonlinear,
  title={Nonlinear Bayesian estimation using Gaussian sum approximations},
  author={Alspach, Daniel L and Sorenson, Harold W},
  journal={Automatic Control, IEEE Transactions on},
  volume={17},
  number={4},
  pages={439--448},
  year={1972},
  publisher={IEEE}
}

@inproceedings{gutmann2002experimental,
  title={An experimental comparison of localization methods continued},
  author={Gutmann, J-S and Fox, Dieter},
  booktitle={Intelligent Robots and Systems, 2002. IEEE/RSJ International Conference on},
  volume={1},
  pages={454--459},
  year={2002},
  organization={IEEE}
}

@book{thrun2005probabilistic,
  title={Probabilistic robotics},
  author={Thrun, Sebastian and Burgard, Wolfram and Fox, Dieter},
  year={2005},
  publisher={MIT press}
}

@inproceedings{dellaert1999monte,
  title={Monte carlo localization for mobile robots},
  author={Dellaert, Frank and Fox, Dieter and Burgard, Wolfram and Thrun, Sebastian},
  booktitle={Robotics and Automation, 1999. Proceedings. 1999 IEEE International Conference on},
  volume={2},
  pages={1322--1328},
  year={1999},
  organization={IEEE}
}

@inproceedings{van2001square,
  title={The square-root unscented Kalman filter for state and parameter-estimation},
  author={Van Der Merwe, Rudolph and Wan, Eric A},
  booktitle={Acoustics, Speech, and Signal Processing, 2001. Proceedings.(ICASSP'01). 2001 IEEE International Conference on},
  volume={6},
  pages={3461--3464},
  year={2001},
  organization={IEEE}
}


@article{kalman1960new,
  title={A new approach to linear filtering and prediction problems},
  author={Kalman, Rudolph Emil},
  journal={Journal of Fluids Engineering},
  volume={82},
  number={1},
  pages={35--45},
  year={1960},
  publisher={American Society of Mechanical Engineers}
}

@inproceedings{julier1997new,
  title={New extension of the Kalman filter to nonlinear systems},
  author={Julier, Simon J and Uhlmann, Jeffrey K},
  booktitle={AeroSense'97},
  pages={182--193},
  year={1997},
  organization={International Society for Optics and Photonics}
}

@incollection{zickler2010ssl,
  title={SSL-vision: The shared vision system for the RoboCup Small Size League},
  author={Zickler, Stefan and Laue, Tim and Birbach, Oliver and Wongphati, Mahisorn and Veloso, Manuela},
  booktitle={RoboCup 2009: Robot Soccer World Cup XIII},
  pages={425--436},
  year={2010},
  publisher={Springer}
}

@article{de2000mahalanobis,
  title={The mahalanobis distance},
  author={De Maesschalck, Roy and Jouan-Rimbaud, Delphine and Massart, D{\'e}sir{\'e} L},
  journal={Chemometrics and intelligent laboratory systems},
  volume={50},
  number={1},
  pages={1--18},
  year={2000},
  publisher={Elsevier}
}
