@Manual{tcp_options,
title = {Transmission Control Protocol (TCP) Parameters},
note = {Available at \url{http://www.iana.org/assignments/tcp-parameters/tcp-parameters.xhtml#tcp-parameters-1}, updated on: 2014-10-12}
}
@Manual{alexa,
title = {Alexa: An Amazon.com company},
note = {Available at \url{http://www.alexa.com}, \url{http://aws.amazon.com/awis/}}
}
@Manual{sslvision_yuan,
title = {SSL-Vision modified for Standed Platfrom league},
note = {Available at \url{https://github.com/xuyuan/ssl-vision}}
}
@Manual{Bhuman,
title = {The official 2014 B-Human code release.},
note = {Available at \url{https://github.com/bhuman/BHumanCodeRelease.git}}
}

